@online{turtlebot3burger001,
	author = {Robotis},
	url = "https://www.zerodna.de/media/image/product/6437/md/robotis-turtlebot-3-burger-plattform-roboter-intl-901-0118-200.jpg",
	subtitle = {ROBOTIS TurtleBot 3 Burger Plattform Roboter INTL 901-0118-200},
	title={Turtlebot 3},
	language = {Deutsch},
	urldate = "13.03.2022",
}

@online{rqtgraphsimplified1,
	author = {Roboticsbackend},
	url = "https://roboticsbackend.com/wp-content/uploads/2019/07/rqt_graph_two_nodes_one_topic.png",
	subtitle = {Ein vereinfachter Graph, mit RQT-Graph visualisiert},
	title={rqt-graph Ausschnitt},
	language = {Deutsch},
	urldate = "22.05.2022",
}

@online{movebasenodeoverview,
author = {OpenRobotics},
url = "http://wiki.ros.org/navigation/Tutorials/RobotSetup?action=AttachFile&do=view&target=overview.png",
subtitle = {Überblick über die Funktion der move-base-Node},
title = {move-base-Node},
language = {English},
urldate = "26.05.2022"
}
